<record><leader>00000cas a22000007a 4500</leader><controlfield tag="001">12089802</controlfield><controlfield tag="008">850529d18781960nyuwr ne      0    0eng d</controlfield><datafield ind1=" " ind2=" " tag="010"><subfield code="a">sn 85026208 </subfield></datafield><datafield ind1=" " ind2=" " tag="040"><subfield code="a">NPX</subfield><subfield code="b">eng</subfield><subfield code="c">NPX</subfield><subfield code="d">NYS</subfield><subfield code="d">OCLCQ</subfield><subfield code="d">KRTAS</subfield><subfield code="d">OCLCQ</subfield></datafield><datafield ind1=" " ind2=" " tag="042"><subfield code="a">msc</subfield></datafield><datafield ind1="0" ind2="4" tag="245"><subfield code="a">The Castilian.</subfield></datafield><datafield ind1=" " ind2=" " tag="260"><subfield code="a">Castile, N.Y. :</subfield><subfield code="b">Gaines &amp; Smith,</subfield><subfield code="c">1878-</subfield></datafield><datafield ind1=" " ind2=" " tag="300"><subfield code="a">v.</subfield></datafield><datafield ind1=" " ind2=" " tag="310"><subfield code="a">Weekly</subfield></datafield><datafield ind1="0" ind2=" " tag="362"><subfield code="a">Vol. 5, no. 1 (Feb. 1, 1878)-</subfield></datafield><datafield ind1="1" ind2=" " tag="362"><subfield code="a">Ceased in July 1960.</subfield></datafield><datafield ind1=" " ind2=" " tag="500"><subfield code="a">Includes a School edition: Vol. 1, no. 1 (June 1915).</subfield></datafield><datafield ind1=" " ind2="4" tag="651"><subfield code="a">Castile (N.Y.)</subfield><subfield code="v">Newspapers.</subfield></datafield><datafield ind1=" " ind2="4" tag="651"><subfield code="a">Wyoming County (N.Y.)</subfield><subfield code="v">Newspapers.</subfield></datafield><datafield ind1=" " ind2=" " tag="752"><subfield code="a">United States</subfield><subfield code="b">New York</subfield><subfield code="c">Wyoming</subfield><subfield code="d">Castile.</subfield></datafield><datafield ind1="0" ind2="0" tag="785"><subfield code="t">Greater Castilian and the new Letchworth leader</subfield><subfield code="w">(DLC)sn 88074608</subfield><subfield code="w">(OCoLC)18253947</subfield></datafield><datafield ind1=" " ind2=" " tag="938"><subfield code="a">Kirtas Technologies, Inc.</subfield><subfield code="b">KRTS</subfield><subfield code="n">739218</subfield></datafield></record>